<?xml version="1.0" encoding="UTF-8"?>
<searchRetrieveResponse xmlns="http://www.loc.gov/zing/srw/"><version>1.1</version><numberOfRecords>23</numberOfRecords><records><record><recordSchema>MARC21-xml</recordSchema><recordPacking>xml</recordPacking><recordData><slim:record xmlns:slim="http://www.loc.gov/MARC21/slim" type="Bibliographic">
    <slim:leader>01101nas a2200253 c 4500</slim:leader>
    <slim:controlfield tag="001">010206663</slim:controlfield>
    <slim:controlfield tag="003">DE-101</slim:controlfield>
    <slim:controlfield tag="005">20050526145417.0</slim:controlfield>
    <slim:controlfield tag="007">tu</slim:controlfield>
    <slim:controlfield tag="008">991118d19841984fr u||p|  ||| 1||||0eng c</slim:controlfield>
    <slim:datafield tag="016" ind1="7" ind2=" ">
      <slim:subfield code="2">DE-101</slim:subfield>
      <slim:subfield code="a">010206663</slim:subfield>
    </slim:datafield>
    <slim:datafield tag="016" ind1="7" ind2=" ">
      <slim:subfield code="2">DE-600</slim:subfield>
      <slim:subfield code="a">14559-2</slim:subfield>
    </slim:datafield>
    <slim:datafield tag="035" ind1=" " ind2=" ">
      <slim:subfield code="a">(DE-599)ZDB14559-2</slim:subfield>
    </slim:datafield>
    <slim:datafield tag="040" ind1=" " ind2=" ">
      <slim:subfield code="a">9001</slim:subfield>
      <slim:subfield code="b">ger</slim:subfield>
      <slim:subfield code="c">DE-101</slim:subfield>
      <slim:subfield code="d">9999</slim:subfield>
    </slim:datafield>
    <slim:datafield tag="041" ind1=" " ind2=" ">
      <slim:subfield code="a">eng</slim:subfield>
    </slim:datafield>
    <slim:datafield tag="044" ind1=" " ind2=" ">
      <slim:subfield code="c">XA-FR</slim:subfield>
    </slim:datafield>
    <slim:datafield tag="082" ind1="7" ind2="4">
      <slim:subfield code="a">570</slim:subfield>
      <slim:subfield code="q">DE-600</slim:subfield>
      <slim:subfield code="2">22sdnb</slim:subfield>
    </slim:datafield>
    <slim:datafield tag="084" ind1=" " ind2=" ">
      <slim:subfield code="a">570</slim:subfield>
      <slim:subfield code="q">DE-600</slim:subfield>
      <slim:subfield code="2">sdnb</slim:subfield>
    </slim:datafield>
    <slim:datafield tag="110" ind1="2" ind2=" ">
      <slim:subfield code="0">(DE-588)513010-4</slim:subfield>
      <slim:subfield code="0">(DE-101)005130107</slim:subfield>
      <slim:subfield code="a">International Union of Biological Sciences</slim:subfield>
      <slim:subfield code="b">Working Group on Soil Biology, Decade of the Tropics Programme</slim:subfield>
      <slim:subfield code="4">aut</slim:subfield>
    </slim:datafield>
    <slim:datafield tag="245" ind1="1" ind2="0">
      <slim:subfield code="a">Report of the meeting of the IUBS Working Group on Soil Biology, Decade of the Tropics Programm</slim:subfield>
      <slim:subfield code="c">International Union of Biological Sciences</slim:subfield>
    </slim:datafield>
    <slim:datafield tag="260" ind1="3" ind2=" ">
      <slim:subfield code="a">Paris</slim:subfield>
      <slim:subfield code="b">[s.n.]</slim:subfield>
    </slim:datafield>
    <slim:datafield tag="362" ind1="0" ind2=" ">
      <slim:subfield code="a">1.1984</slim:subfield>
    </slim:datafield>
    <slim:datafield tag="785" ind1="0" ind2="0">
      <slim:subfield code="i">Forts.:</slim:subfield>
      <slim:subfield code="a">Workshop of the Decade of the Tropics, Soil Biology Programme</slim:subfield>
      <slim:subfield code="t">Report of the Workshop of the Decade of the Tropics, Soil Biology Programme</slim:subfield>
      <slim:subfield code="w">(DE-600)14560-9</slim:subfield>
      <slim:subfield code="w">(DE-101)010206671</slim:subfield>
    </slim:datafield>
    <slim:datafield tag="787" ind1="0" ind2="8">
      <slim:subfield code="i">Bd. zugl. Bd. von</slim:subfield>
      <slim:subfield code="t">Biology international / Special issue</slim:subfield>
      <slim:subfield code="w">(DE-600)848975-0</slim:subfield>
      <slim:subfield code="w">(DE-101)014599260</slim:subfield>
    </slim:datafield>
  </slim:record></recordData><recordPosition>11</recordPosition></record>