<record><recordSchema>MARC21-xml</recordSchema><recordPacking>xml</recordPacking><recordData><slim:record xmlns:slim="http://www.loc.gov/MARC21/slim" type="Bibliographic">
    <slim:leader>01331nas a2200277 c 4500</slim:leader>
    <slim:controlfield tag="001">01153639X</slim:controlfield>
    <slim:controlfield tag="003">DE-101</slim:controlfield>
    <slim:controlfield tag="005">20050527122311.0</slim:controlfield>
    <slim:controlfield tag="007">tu</slim:controlfield>
    <slim:controlfield tag="008">991119d19771984hu u||p|  ||| 1||||0||| c</slim:controlfield>
    <slim:datafield tag="016" ind1="7" ind2=" ">
      <slim:subfield code="2">DE-101</slim:subfield>
      <slim:subfield code="a">01153639X</slim:subfield>
    </slim:datafield>
    <slim:datafield tag="016" ind1="7" ind2=" ">
      <slim:subfield code="2">DE-600</slim:subfield>
      <slim:subfield code="a">254595-0</slim:subfield>
    </slim:datafield>
    <slim:datafield tag="035" ind1=" " ind2=" ">
      <slim:subfield code="a">(DE-599)ZDB254595-0</slim:subfield>
    </slim:datafield>
    <slim:datafield tag="040" ind1=" " ind2=" ">
      <slim:subfield code="a">9001</slim:subfield>
      <slim:subfield code="b">ger</slim:subfield>
      <slim:subfield code="c">DE-101</slim:subfield>
      <slim:subfield code="d">9999</slim:subfield>
    </slim:datafield>
    <slim:datafield tag="044" ind1=" " ind2=" ">
      <slim:subfield code="c">XA-HU</slim:subfield>
    </slim:datafield>
    <slim:datafield tag="082" ind1="7" ind2="4">
      <slim:subfield code="a">570</slim:subfield>
      <slim:subfield code="q">DE-600</slim:subfield>
      <slim:subfield code="2">22sdnb</slim:subfield>
    </slim:datafield>
    <slim:datafield tag="084" ind1=" " ind2=" ">
      <slim:subfield code="a">570</slim:subfield>
      <slim:subfield code="q">DE-600</slim:subfield>
      <slim:subfield code="2">sdnb</slim:subfield>
    </slim:datafield>
    <slim:datafield tag="245" ind1="1" ind2="0">
      <slim:subfield code="a">Soil biology and conservation of the biosphere</slim:subfield>
    </slim:datafield>
    <slim:datafield tag="247" ind1="1" ind2="0">
      <slim:subfield code="a">Proceedings of the meeting of the Soil Biology Section of the Society for Soil Science of the Hungarian Association of Agricultural Sciences</slim:subfield>
      <slim:subfield code="f">Nebent. 7.1975</slim:subfield>
    </slim:datafield>
    <slim:datafield tag="247" ind1="1" ind2="0">
      <slim:subfield code="a">Proceedings of the meeting of the Soil Biology Section of the Hungarian Society for Soil Science</slim:subfield>
      <slim:subfield code="f">8.1981</slim:subfield>
    </slim:datafield>
    <slim:datafield tag="260" ind1="3" ind2=" ">
      <slim:subfield code="a">Budapest</slim:subfield>
      <slim:subfield code="b">Akadémiai Kiadó</slim:subfield>
    </slim:datafield>
    <slim:datafield tag="362" ind1="0" ind2=" ">
      <slim:subfield code="a">Nachgewiesen 7.1975(1977) - 8.1981(1984)</slim:subfield>
    </slim:datafield>
    <slim:datafield tag="591" ind1=" " ind2=" ">
      <slim:subfield code="a">C*Kopie89!200389</slim:subfield>
    </slim:datafield>
    <slim:datafield tag="710" ind1="2" ind2=" ">
      <slim:subfield code="0">(DE-588)138367-X</slim:subfield>
      <slim:subfield code="0">(DE-101)001383671</slim:subfield>
      <slim:subfield code="a">Hungarian Society for Soil Science</slim:subfield>
      <slim:subfield code="b">Soil Biology Section</slim:subfield>
    </slim:datafield>
    <slim:datafield tag="710" ind1="2" ind2=" ">
      <slim:subfield code="0">(DE-588)138365-6</slim:subfield>
      <slim:subfield code="0">(DE-101)001383655</slim:subfield>
      <slim:subfield code="a">Society for Soil Science</slim:subfield>
      <slim:subfield code="b">Soil Biology Section</slim:subfield>
    </slim:datafield>
    <slim:datafield tag="785" ind1="0" ind2="0">
      <slim:subfield code="i">Forts.:</slim:subfield>
      <slim:subfield code="a">International Symposium on Soil Biology and Conservation of the Biosphere</slim:subfield>
      <slim:subfield code="t">Proceedings of the International Symposium on Soil Biology and Conservation of the Biosphere</slim:subfield>
      <slim:subfield code="w">(DE-600)61253-4</slim:subfield>
      <slim:subfield code="w">(DE-101)010542396</slim:subfield>
    </slim:datafield>
  </slim:record></recordData><recordPosition>13</recordPosition></record>