<record><recordSchema>MARC21-xml</recordSchema><recordPacking>xml</recordPacking><recordData><slim:record xmlns:slim="http://www.loc.gov/MARC21/slim" type="Bibliographic">
    <slim:leader>01066nas a2200313 c 4500</slim:leader>
    <slim:controlfield tag="001">014156393</slim:controlfield>
    <slim:controlfield tag="003">DE-101</slim:controlfield>
    <slim:controlfield tag="005">20070813044137.0</slim:controlfield>
    <slim:controlfield tag="007">tu</slim:controlfield>
    <slim:controlfield tag="008">991120d19721975fr u||p|  ||| 0||||0||| c</slim:controlfield>
    <slim:datafield tag="016" ind1="7" ind2=" ">
      <slim:subfield code="2">DE-101</slim:subfield>
      <slim:subfield code="a">014156393</slim:subfield>
    </slim:datafield>
    <slim:datafield tag="016" ind1="7" ind2=" ">
      <slim:subfield code="2">DE-600</slim:subfield>
      <slim:subfield code="a">762539-x</slim:subfield>
    </slim:datafield>
    <slim:datafield tag="035" ind1=" " ind2=" ">
      <slim:subfield code="a">(DE-599)ZDB762539-x</slim:subfield>
    </slim:datafield>
    <slim:datafield tag="035" ind1=" " ind2=" ">
      <slim:subfield code="a">(OCoLC)643198055</slim:subfield>
    </slim:datafield>
    <slim:datafield tag="040" ind1=" " ind2=" ">
      <slim:subfield code="a">9001</slim:subfield>
      <slim:subfield code="b">ger</slim:subfield>
      <slim:subfield code="c">DE-101</slim:subfield>
      <slim:subfield code="d">0012</slim:subfield>
    </slim:datafield>
    <slim:datafield tag="044" ind1=" " ind2=" ">
      <slim:subfield code="c">XA-FR</slim:subfield>
    </slim:datafield>
    <slim:datafield tag="082" ind1="7" ind2="4">
      <slim:subfield code="a">590</slim:subfield>
      <slim:subfield code="q">DE-600</slim:subfield>
      <slim:subfield code="2">22sdnb</slim:subfield>
    </slim:datafield>
    <slim:datafield tag="084" ind1=" " ind2=" ">
      <slim:subfield code="a">590</slim:subfield>
      <slim:subfield code="q">DE-600</slim:subfield>
      <slim:subfield code="2">sdnb</slim:subfield>
    </slim:datafield>
    <slim:datafield tag="210" ind1="1" ind2="0">
      <slim:subfield code="a">Bull. Int. Inf. Biol. Sol</slim:subfield>
    </slim:datafield>
    <slim:datafield tag="245" ind1="1" ind2="0">
      <slim:subfield code="a">Biologie du sol</slim:subfield>
      <slim:subfield code="b">bulletin internat. d'informations</slim:subfield>
      <slim:subfield code="n">Partie zoologie</slim:subfield>
      <slim:subfield code="c">Association Internationale de la Science du Sol, Commission 3</slim:subfield>
    </slim:datafield>
    <slim:datafield tag="246" ind1="1" ind2="9">
      <slim:subfield code="a">Biologie du sol / Partie zoologie</slim:subfield>
    </slim:datafield>
    <slim:datafield tag="247" ind1="1" ind2="0">
      <slim:subfield code="a">Soil biology. &#152;1972-1975&#156;</slim:subfield>
      <slim:subfield code="f">Parallelsacht.</slim:subfield>
    </slim:datafield>
    <slim:datafield tag="247" ind1="1" ind2="0">
      <slim:subfield code="a">Bodenbiologie. &#152;1972-1975&#156;</slim:subfield>
      <slim:subfield code="f">Parallelsacht.</slim:subfield>
    </slim:datafield>
    <slim:datafield tag="260" ind1="3" ind2=" ">
      <slim:subfield code="a">Paris [u.a.]</slim:subfield>
      <slim:subfield code="b">Assoc.</slim:subfield>
    </slim:datafield>
    <slim:datafield tag="362" ind1="0" ind2=" ">
      <slim:subfield code="a">Nr. 15.1972 - 22.1975</slim:subfield>
    </slim:datafield>
    <slim:datafield tag="591" ind1=" " ind2=" ">
      <slim:subfield code="a">C</slim:subfield>
    </slim:datafield>
    <slim:datafield tag="780" ind1="0" ind2="0">
      <slim:subfield code="i">Vorg.:</slim:subfield>
      <slim:subfield code="t">Biologie du sol</slim:subfield>
      <slim:subfield code="w">(DE-600)951021-7</slim:subfield>
      <slim:subfield code="w">(DE-101)015086569</slim:subfield>
    </slim:datafield>
    <slim:datafield tag="785" ind1="0" ind2="0">
      <slim:subfield code="i">Forts.:</slim:subfield>
      <slim:subfield code="t">Pedofauna</slim:subfield>
      <slim:subfield code="w">(DE-600)970706-2</slim:subfield>
      <slim:subfield code="w">(DE-101)015122972</slim:subfield>
    </slim:datafield>
    <slim:datafield tag="930" ind1=" " ind2=" ">
      <slim:subfield code="r">Partie zoologie</slim:subfield>
    </slim:datafield>
  </slim:record></recordData><recordPosition>15</recordPosition></record>