<record><recordSchema>MARC21-xml</recordSchema><recordPacking>xml</recordPacking><recordData><slim:record xmlns:slim="http://www.loc.gov/MARC21/slim" type="Bibliographic">
    <slim:leader>02885nas a2200685 c 4500</slim:leader>
    <slim:controlfield tag="001">019914245</slim:controlfield>
    <slim:controlfield tag="003">DE-101</slim:controlfield>
    <slim:controlfield tag="005">20131022203710.0</slim:controlfield>
    <slim:controlfield tag="007">cr||||||||||||</slim:controlfield>
    <slim:controlfield tag="008">991104c19699999ne u||p|o ||| 0||||0eng c</slim:controlfield>
    <slim:datafield tag="016" ind1="7" ind2=" ">
      <slim:subfield code="2">DE-101</slim:subfield>
      <slim:subfield code="a">019914245</slim:subfield>
    </slim:datafield>
    <slim:datafield tag="016" ind1="7" ind2=" ">
      <slim:subfield code="2">DE-600</slim:subfield>
      <slim:subfield code="a">1498740-5</slim:subfield>
    </slim:datafield>
    <slim:datafield tag="024" ind1="8" ind2=" ">
      <slim:subfield code="a">ZDB-1-SDJ-332</slim:subfield>
    </slim:datafield>
    <slim:datafield tag="029" ind1="a" ind2="d">
      <slim:subfield code="a">0038-0717</slim:subfield>
    </slim:datafield>
    <slim:datafield tag="030" ind1=" " ind2=" ">
      <slim:subfield code="a">SBIOAH</slim:subfield>
    </slim:datafield>
    <slim:datafield tag="035" ind1=" " ind2=" ">
      <slim:subfield code="a">(DE-599)ZDB1498740-5</slim:subfield>
    </slim:datafield>
    <slim:datafield tag="035" ind1=" " ind2=" ">
      <slim:subfield code="a">(OCoLC)644556921</slim:subfield>
    </slim:datafield>
    <slim:datafield tag="040" ind1=" " ind2=" ">
      <slim:subfield code="a">9000</slim:subfield>
      <slim:subfield code="b">ger</slim:subfield>
      <slim:subfield code="c">DE-101</slim:subfield>
      <slim:subfield code="d">9999</slim:subfield>
    </slim:datafield>
    <slim:datafield tag="041" ind1=" " ind2=" ">
      <slim:subfield code="a">eng</slim:subfield>
    </slim:datafield>
    <slim:datafield tag="044" ind1=" " ind2=" ">
      <slim:subfield code="c">XA-NL</slim:subfield>
    </slim:datafield>
    <slim:datafield tag="082" ind1="7" ind2="4">
      <slim:subfield code="a">570</slim:subfield>
      <slim:subfield code="a">540</slim:subfield>
      <slim:subfield code="q">DE-600</slim:subfield>
      <slim:subfield code="2">22sdnb</slim:subfield>
    </slim:datafield>
    <slim:datafield tag="084" ind1=" " ind2=" ">
      <slim:subfield code="a">570</slim:subfield>
      <slim:subfield code="a">540</slim:subfield>
      <slim:subfield code="q">DE-600</slim:subfield>
      <slim:subfield code="2">sdnb</slim:subfield>
    </slim:datafield>
    <slim:datafield tag="084" ind1=" " ind2=" ">
      <slim:subfield code="a">BIO 142z</slim:subfield>
      <slim:subfield code="a">GEO 315z</slim:subfield>
      <slim:subfield code="a">LAN 117z</slim:subfield>
      <slim:subfield code="2">stub</slim:subfield>
    </slim:datafield>
    <slim:datafield tag="090" ind1=" " ind2=" ">
      <slim:subfield code="n">nl</slim:subfield>
    </slim:datafield>
    <slim:datafield tag="210" ind1="1" ind2="0">
      <slim:subfield code="a">Soil Biol. Biochem.</slim:subfield>
    </slim:datafield>
    <slim:datafield tag="210" ind1="1" ind2="0">
      <slim:subfield code="a">Soil Biol</slim:subfield>
    </slim:datafield>
    <slim:datafield tag="210" ind1="1" ind2="0">
      <slim:subfield code="a"> Biochem</slim:subfield>
    </slim:datafield>
    <slim:datafield tag="245" ind1="1" ind2="0">
      <slim:subfield code="a">Soil biology &amp; biochemistry</slim:subfield>
      <slim:subfield code="h">Elektronische Ressource</slim:subfield>
    </slim:datafield>
    <slim:datafield tag="246" ind1="1" ind2="3">
      <slim:subfield code="a">Soil biology and biochemistry</slim:subfield>
    </slim:datafield>
    <slim:datafield tag="247" ind1="0" ind2="0">
      <slim:subfield code="g">Gesehen am 27.09.04</slim:subfield>
    </slim:datafield>
    <slim:datafield tag="260" ind1="3" ind2=" ">
      <slim:subfield code="a">Amsterdam [u.a.]</slim:subfield>
      <slim:subfield code="b">Elsevier Science</slim:subfield>
    </slim:datafield>
    <slim:datafield tag="300" ind1=" " ind2=" ">
      <slim:subfield code="a">Online-Ressource</slim:subfield>
    </slim:datafield>
    <slim:datafield tag="362" ind1="0" ind2=" ">
      <slim:subfield code="a">1.1969 - 43.2011; Vol. 44.2012 -</slim:subfield>
    </slim:datafield>
    <slim:datafield tag="515" ind1=" " ind2=" ">
      <slim:subfield code="a">Ab 2012 mit durchgehender Heftzählung, die als Vol. bez. wird</slim:subfield>
    </slim:datafield>
    <slim:datafield tag="650" ind1=" " ind2="7">
      <slim:subfield code="0">(DE-588)4146134-4</slim:subfield>
      <slim:subfield code="0">(DE-101)041461347</slim:subfield>
      <slim:subfield code="a">Bodenchemie</slim:subfield>
      <slim:subfield code="2">gnd</slim:subfield>
    </slim:datafield>
    <slim:datafield tag="650" ind1=" " ind2="7">
      <slim:subfield code="0">(DE-588)4067488-5</slim:subfield>
      <slim:subfield code="0">(DE-101)040674886</slim:subfield>
      <slim:subfield code="a">Zeitschrift</slim:subfield>
      <slim:subfield code="2">gnd</slim:subfield>
    </slim:datafield>
    <slim:datafield tag="650" ind1=" " ind2="7">
      <slim:subfield code="0">(DE-588)4511937-5</slim:subfield>
      <slim:subfield code="0">(DE-101)954353331</slim:subfield>
      <slim:subfield code="a">Online-Publikation</slim:subfield>
      <slim:subfield code="2">gnd</slim:subfield>
    </slim:datafield>
    <slim:datafield tag="650" ind1=" " ind2="7">
      <slim:subfield code="0">(DE-588)4007369-5</slim:subfield>
      <slim:subfield code="0">(DE-101)040073696</slim:subfield>
      <slim:subfield code="a">Bodenfruchtbarkeit</slim:subfield>
      <slim:subfield code="2">gnd</slim:subfield>
    </slim:datafield>
    <slim:datafield tag="650" ind1=" " ind2="7">
      <slim:subfield code="0">(DE-588)4067488-5</slim:subfield>
      <slim:subfield code="0">(DE-101)040674886</slim:subfield>
      <slim:subfield code="a">Zeitschrift</slim:subfield>
      <slim:subfield code="2">gnd</slim:subfield>
    </slim:datafield>
    <slim:datafield tag="650" ind1=" " ind2="7">
      <slim:subfield code="0">(DE-588)4511937-5</slim:subfield>
      <slim:subfield code="0">(DE-101)954353331</slim:subfield>
      <slim:subfield code="a">Online-Publikation</slim:subfield>
      <slim:subfield code="2">gnd</slim:subfield>
    </slim:datafield>
    <slim:datafield tag="650" ind1=" " ind2="7">
      <slim:subfield code="0">(DE-588)4007358-0</slim:subfield>
      <slim:subfield code="0">(DE-101)040073580</slim:subfield>
      <slim:subfield code="a">Bodenbiologie</slim:subfield>
      <slim:subfield code="2">gnd</slim:subfield>
    </slim:datafield>
    <slim:datafield tag="650" ind1=" " ind2="7">
      <slim:subfield code="0">(DE-588)4067488-5</slim:subfield>
      <slim:subfield code="0">(DE-101)040674886</slim:subfield>
      <slim:subfield code="a">Zeitschrift</slim:subfield>
      <slim:subfield code="2">gnd</slim:subfield>
    </slim:datafield>
    <slim:datafield tag="650" ind1=" " ind2="7">
      <slim:subfield code="0">(DE-588)4511937-5</slim:subfield>
      <slim:subfield code="0">(DE-101)954353331</slim:subfield>
      <slim:subfield code="a">Online-Publikation</slim:subfield>
      <slim:subfield code="2">gnd</slim:subfield>
    </slim:datafield>
    <slim:datafield tag="689" ind1="0" ind2="0">
      <slim:subfield code="0">(DE-588)4146134-4</slim:subfield>
      <slim:subfield code="0">(DE-101)041461347</slim:subfield>
      <slim:subfield code="D">s</slim:subfield>
      <slim:subfield code="a">Bodenchemie</slim:subfield>
    </slim:datafield>
    <slim:datafield tag="689" ind1="0" ind2="1">
      <slim:subfield code="0">(DE-588)4067488-5</slim:subfield>
      <slim:subfield code="0">(DE-101)040674886</slim:subfield>
      <slim:subfield code="D">s</slim:subfield>
      <slim:subfield code="a">Zeitschrift</slim:subfield>
    </slim:datafield>
    <slim:datafield tag="689" ind1="0" ind2="2">
      <slim:subfield code="0">(DE-588)4511937-5</slim:subfield>
      <slim:subfield code="0">(DE-101)954353331</slim:subfield>
      <slim:subfield code="D">s</slim:subfield>
      <slim:subfield code="a">Online-Publikation</slim:subfield>
    </slim:datafield>
    <slim:datafield tag="689" ind1="0" ind2=" ">
      <slim:subfield code="5">DE-600</slim:subfield>
      <slim:subfield code="5">DE-600</slim:subfield>
    </slim:datafield>
    <slim:datafield tag="689" ind1="1" ind2="0">
      <slim:subfield code="0">(DE-588)4007369-5</slim:subfield>
      <slim:subfield code="0">(DE-101)040073696</slim:subfield>
      <slim:subfield code="D">s</slim:subfield>
      <slim:subfield code="a">Bodenfruchtbarkeit</slim:subfield>
    </slim:datafield>
    <slim:datafield tag="689" ind1="1" ind2="1">
      <slim:subfield code="0">(DE-588)4067488-5</slim:subfield>
      <slim:subfield code="0">(DE-101)040674886</slim:subfield>
      <slim:subfield code="D">s</slim:subfield>
      <slim:subfield code="a">Zeitschrift</slim:subfield>
    </slim:datafield>
    <slim:datafield tag="689" ind1="1" ind2="2">
      <slim:subfield code="0">(DE-588)4511937-5</slim:subfield>
      <slim:subfield code="0">(DE-101)954353331</slim:subfield>
      <slim:subfield code="D">s</slim:subfield>
      <slim:subfield code="a">Online-Publikation</slim:subfield>
    </slim:datafield>
    <slim:datafield tag="689" ind1="1" ind2=" ">
      <slim:subfield code="5">DE-600</slim:subfield>
      <slim:subfield code="5">DE-600</slim:subfield>
    </slim:datafield>
    <slim:datafield tag="689" ind1="2" ind2="0">
      <slim:subfield code="0">(DE-588)4007358-0</slim:subfield>
      <slim:subfield code="0">(DE-101)040073580</slim:subfield>
      <slim:subfield code="D">s</slim:subfield>
      <slim:subfield code="a">Bodenbiologie</slim:subfield>
    </slim:datafield>
    <slim:datafield tag="689" ind1="2" ind2="1">
      <slim:subfield code="0">(DE-588)4067488-5</slim:subfield>
      <slim:subfield code="0">(DE-101)040674886</slim:subfield>
      <slim:subfield code="D">s</slim:subfield>
      <slim:subfield code="a">Zeitschrift</slim:subfield>
    </slim:datafield>
    <slim:datafield tag="689" ind1="2" ind2="2">
      <slim:subfield code="0">(DE-588)4511937-5</slim:subfield>
      <slim:subfield code="0">(DE-101)954353331</slim:subfield>
      <slim:subfield code="D">s</slim:subfield>
      <slim:subfield code="a">Online-Publikation</slim:subfield>
    </slim:datafield>
    <slim:datafield tag="689" ind1="2" ind2=" ">
      <slim:subfield code="5">DE-600</slim:subfield>
      <slim:subfield code="5">DE-600</slim:subfield>
    </slim:datafield>
    <slim:datafield tag="775" ind1="0" ind2="8">
      <slim:subfield code="i">Druckausg.</slim:subfield>
      <slim:subfield code="t">Soil biology &amp; biochemistry</slim:subfield>
      <slim:subfield code="w">(DE-600)280810-9</slim:subfield>
      <slim:subfield code="w">(DE-101)011745584</slim:subfield>
    </slim:datafield>
    <slim:datafield tag="856" ind1="4" ind2=" ">
      <slim:subfield code="u">http://www.bibliothek.uni-regensburg.de/ezeit/?1498740</slim:subfield>
      <slim:subfield code="x">EZB</slim:subfield>
    </slim:datafield>
    <slim:datafield tag="856" ind1="4" ind2=" ">
      <slim:subfield code="u">http://www.sciencedirect.com/science/journal/00380717</slim:subfield>
      <slim:subfield code="x">Verlag</slim:subfield>
    </slim:datafield>
    <slim:datafield tag="856" ind1="4" ind2=" ">
      <slim:subfield code="u">http://www.sciencedirect.com/science/journal/00380717</slim:subfield>
      <slim:subfield code="x">Verlag; 1.1969 - 2002</slim:subfield>
      <slim:subfield code="z">Deutschlandweit zugänglich</slim:subfield>
    </slim:datafield>
    <slim:datafield tag="912" ind1=" " ind2=" ">
      <slim:subfield code="a">ZDB-1-SDJ</slim:subfield>
    </slim:datafield>
  </slim:record></recordData><recordPosition>18</recordPosition></record>