<record><recordSchema>MARC21-xml</recordSchema><recordPacking>xml</recordPacking><recordData><slim:record xmlns:slim="http://www.loc.gov/MARC21/slim" type="Bibliographic">
    <slim:leader>01607nas a2200493 c 4500</slim:leader>
    <slim:controlfield tag="001">011745584</slim:controlfield>
    <slim:controlfield tag="003">DE-101</slim:controlfield>
    <slim:controlfield tag="005">20130424102931.0</slim:controlfield>
    <slim:controlfield tag="007">tu</slim:controlfield>
    <slim:controlfield tag="008">991119c19699999ne u||p|  ||| 0||||0eng c</slim:controlfield>
    <slim:datafield tag="016" ind1="7" ind2=" ">
      <slim:subfield code="2">DE-101</slim:subfield>
      <slim:subfield code="a">011745584</slim:subfield>
    </slim:datafield>
    <slim:datafield tag="016" ind1="7" ind2=" ">
      <slim:subfield code="2">DE-600</slim:subfield>
      <slim:subfield code="a">280810-9</slim:subfield>
    </slim:datafield>
    <slim:datafield tag="022" ind1=" " ind2=" ">
      <slim:subfield code="a">0038-0717</slim:subfield>
    </slim:datafield>
    <slim:datafield tag="030" ind1=" " ind2=" ">
      <slim:subfield code="a">SBIOAH</slim:subfield>
    </slim:datafield>
    <slim:datafield tag="035" ind1=" " ind2=" ">
      <slim:subfield code="a">(DE-599)ZDB280810-9</slim:subfield>
    </slim:datafield>
    <slim:datafield tag="035" ind1=" " ind2=" ">
      <slim:subfield code="a">(OCoLC)231038904</slim:subfield>
    </slim:datafield>
    <slim:datafield tag="040" ind1=" " ind2=" ">
      <slim:subfield code="a">9001</slim:subfield>
      <slim:subfield code="b">ger</slim:subfield>
      <slim:subfield code="c">DE-101</slim:subfield>
      <slim:subfield code="d">9001</slim:subfield>
    </slim:datafield>
    <slim:datafield tag="041" ind1=" " ind2=" ">
      <slim:subfield code="a">eng</slim:subfield>
    </slim:datafield>
    <slim:datafield tag="044" ind1=" " ind2=" ">
      <slim:subfield code="c">XA-NL</slim:subfield>
    </slim:datafield>
    <slim:datafield tag="082" ind1="7" ind2="4">
      <slim:subfield code="a">590</slim:subfield>
      <slim:subfield code="a">570</slim:subfield>
      <slim:subfield code="a">540</slim:subfield>
      <slim:subfield code="q">DE-600</slim:subfield>
      <slim:subfield code="2">22sdnb</slim:subfield>
    </slim:datafield>
    <slim:datafield tag="084" ind1=" " ind2=" ">
      <slim:subfield code="a">12</slim:subfield>
      <slim:subfield code="2">ssgn</slim:subfield>
    </slim:datafield>
    <slim:datafield tag="084" ind1=" " ind2=" ">
      <slim:subfield code="a">590</slim:subfield>
      <slim:subfield code="a">570</slim:subfield>
      <slim:subfield code="a">540</slim:subfield>
      <slim:subfield code="q">DE-600</slim:subfield>
      <slim:subfield code="2">sdnb</slim:subfield>
    </slim:datafield>
    <slim:datafield tag="210" ind1="1" ind2="0">
      <slim:subfield code="a">Soil Biol. Biochem.</slim:subfield>
    </slim:datafield>
    <slim:datafield tag="210" ind1="1" ind2="0">
      <slim:subfield code="a">Soil Biol &amp; Biochem</slim:subfield>
    </slim:datafield>
    <slim:datafield tag="245" ind1="1" ind2="0">
      <slim:subfield code="a">Soil biology &amp; biochemistry</slim:subfield>
      <slim:subfield code="b">SBB</slim:subfield>
    </slim:datafield>
    <slim:datafield tag="246" ind1="1" ind2="3">
      <slim:subfield code="a">SBB</slim:subfield>
    </slim:datafield>
    <slim:datafield tag="246" ind1="1" ind2="3">
      <slim:subfield code="a">Soil biology and biochemistry</slim:subfield>
    </slim:datafield>
    <slim:datafield tag="260" ind1="3" ind2=" ">
      <slim:subfield code="a">Amsterdam [u.a.]</slim:subfield>
      <slim:subfield code="b">Elsevier</slim:subfield>
    </slim:datafield>
    <slim:datafield tag="260" ind1=" " ind2=" ">
      <slim:subfield code="a">Oxford [u.a.]</slim:subfield>
      <slim:subfield code="b">Pergamon Press</slim:subfield>
      <slim:subfield code="c">1969-2004</slim:subfield>
    </slim:datafield>
    <slim:datafield tag="362" ind1="0" ind2=" ">
      <slim:subfield code="a">1.1969 - 43.2011; Vol. 44.2012 -</slim:subfield>
    </slim:datafield>
    <slim:datafield tag="363" ind1="0" ind2="1">
      <slim:subfield code="8">1.1\x</slim:subfield>
      <slim:subfield code="i">1969</slim:subfield>
    </slim:datafield>
    <slim:datafield tag="500" ind1=" " ind2=" ">
      <slim:subfield code="a">Repr.: Oxford : Pergamon Press</slim:subfield>
    </slim:datafield>
    <slim:datafield tag="515" ind1=" " ind2=" ">
      <slim:subfield code="a">Ab 2012 mit durchgehender Heftzählung, die als Vol. bez. wird</slim:subfield>
    </slim:datafield>
    <slim:datafield tag="650" ind1=" " ind2="7">
      <slim:subfield code="0">(DE-588)4146134-4</slim:subfield>
      <slim:subfield code="0">(DE-101)041461347</slim:subfield>
      <slim:subfield code="a">Bodenchemie</slim:subfield>
      <slim:subfield code="2">gnd</slim:subfield>
    </slim:datafield>
    <slim:datafield tag="650" ind1=" " ind2="7">
      <slim:subfield code="0">(DE-588)4007358-0</slim:subfield>
      <slim:subfield code="0">(DE-101)040073580</slim:subfield>
      <slim:subfield code="a">Bodenbiologie</slim:subfield>
      <slim:subfield code="2">gnd</slim:subfield>
    </slim:datafield>
    <slim:datafield tag="655" ind1=" " ind2="7">
      <slim:subfield code="a">Zeitschrift</slim:subfield>
      <slim:subfield code="2">gnd</slim:subfield>
    </slim:datafield>
    <slim:datafield tag="655" ind1=" " ind2="7">
      <slim:subfield code="a">Zeitschrift</slim:subfield>
      <slim:subfield code="2">gnd</slim:subfield>
    </slim:datafield>
    <slim:datafield tag="689" ind1="0" ind2="0">
      <slim:subfield code="0">(DE-588)4146134-4</slim:subfield>
      <slim:subfield code="0">(DE-101)041461347</slim:subfield>
      <slim:subfield code="D">s</slim:subfield>
      <slim:subfield code="a">Bodenchemie</slim:subfield>
    </slim:datafield>
    <slim:datafield tag="689" ind1="0" ind2="1">
      <slim:subfield code="A">f</slim:subfield>
      <slim:subfield code="a">Zeitschrift</slim:subfield>
    </slim:datafield>
    <slim:datafield tag="689" ind1="0" ind2=" ">
      <slim:subfield code="5">DE-600</slim:subfield>
      <slim:subfield code="5">DE-600</slim:subfield>
    </slim:datafield>
    <slim:datafield tag="689" ind1="1" ind2="0">
      <slim:subfield code="0">(DE-588)4007358-0</slim:subfield>
      <slim:subfield code="0">(DE-101)040073580</slim:subfield>
      <slim:subfield code="D">s</slim:subfield>
      <slim:subfield code="a">Bodenbiologie</slim:subfield>
    </slim:datafield>
    <slim:datafield tag="689" ind1="1" ind2="1">
      <slim:subfield code="A">f</slim:subfield>
      <slim:subfield code="a">Zeitschrift</slim:subfield>
    </slim:datafield>
    <slim:datafield tag="689" ind1="1" ind2=" ">
      <slim:subfield code="5">DE-600</slim:subfield>
      <slim:subfield code="5">DE-600</slim:subfield>
    </slim:datafield>
    <slim:datafield tag="775" ind1="0" ind2="8">
      <slim:subfield code="i">Online-Ausg.</slim:subfield>
      <slim:subfield code="t">Soil biology &amp; biochemistry</slim:subfield>
      <slim:subfield code="w">(DE-600)1498740-5</slim:subfield>
      <slim:subfield code="w">(DE-101)019914245</slim:subfield>
    </slim:datafield>
  </slim:record></recordData><recordPosition>19</recordPosition></record>