<record><recordSchema>MARC21-xml</recordSchema><recordPacking>xml</recordPacking><recordData><slim:record xmlns:slim="http://www.loc.gov/MARC21/slim" type="Bibliographic">
    <slim:leader>00983nas a2200289 c 4500</slim:leader>
    <slim:controlfield tag="001">015086569</slim:controlfield>
    <slim:controlfield tag="003">DE-101</slim:controlfield>
    <slim:controlfield tag="005">20090217011036.0</slim:controlfield>
    <slim:controlfield tag="007">tu</slim:controlfield>
    <slim:controlfield tag="008">991120d19641972fr u||p|  ||| 0||||0||| c</slim:controlfield>
    <slim:datafield tag="016" ind1="7" ind2=" ">
      <slim:subfield code="2">DE-101</slim:subfield>
      <slim:subfield code="a">015086569</slim:subfield>
    </slim:datafield>
    <slim:datafield tag="016" ind1="7" ind2=" ">
      <slim:subfield code="2">DE-600</slim:subfield>
      <slim:subfield code="a">951021-7</slim:subfield>
    </slim:datafield>
    <slim:datafield tag="022" ind1=" " ind2=" ">
      <slim:subfield code="a">0067-8805</slim:subfield>
    </slim:datafield>
    <slim:datafield tag="030" ind1=" " ind2=" ">
      <slim:subfield code="a">BISOBW</slim:subfield>
    </slim:datafield>
    <slim:datafield tag="035" ind1=" " ind2=" ">
      <slim:subfield code="a">(DE-599)ZDB951021-7</slim:subfield>
    </slim:datafield>
    <slim:datafield tag="040" ind1=" " ind2=" ">
      <slim:subfield code="a">9001</slim:subfield>
      <slim:subfield code="b">ger</slim:subfield>
      <slim:subfield code="c">DE-101</slim:subfield>
      <slim:subfield code="d">9999</slim:subfield>
    </slim:datafield>
    <slim:datafield tag="044" ind1=" " ind2=" ">
      <slim:subfield code="c">XA-FR</slim:subfield>
    </slim:datafield>
    <slim:datafield tag="082" ind1="7" ind2="4">
      <slim:subfield code="a">570</slim:subfield>
      <slim:subfield code="q">DE-600</slim:subfield>
      <slim:subfield code="2">22sdnb</slim:subfield>
    </slim:datafield>
    <slim:datafield tag="084" ind1=" " ind2=" ">
      <slim:subfield code="a">570</slim:subfield>
      <slim:subfield code="q">DE-600</slim:subfield>
      <slim:subfield code="2">sdnb</slim:subfield>
    </slim:datafield>
    <slim:datafield tag="210" ind1="1" ind2="0">
      <slim:subfield code="a">Bull. Int. Inf. Biol. Sol.</slim:subfield>
    </slim:datafield>
    <slim:datafield tag="245" ind1="1" ind2="0">
      <slim:subfield code="a">Biologie du sol</slim:subfield>
      <slim:subfield code="b">bulletin internat. d'informations</slim:subfield>
      <slim:subfield code="c">Association Internationale de la Science du Sol, Commission 3</slim:subfield>
    </slim:datafield>
    <slim:datafield tag="247" ind1="1" ind2="0">
      <slim:subfield code="a">Soil biology. &#152;1964-1972&#156;</slim:subfield>
      <slim:subfield code="f">Parallelsacht.</slim:subfield>
    </slim:datafield>
    <slim:datafield tag="247" ind1="1" ind2="0">
      <slim:subfield code="a">Bodenbiologie. &#152;1964-1972&#156;</slim:subfield>
      <slim:subfield code="f">Parallelsacht.</slim:subfield>
    </slim:datafield>
    <slim:datafield tag="260" ind1="3" ind2=" ">
      <slim:subfield code="a">Paris</slim:subfield>
      <slim:subfield code="b">Assoc.</slim:subfield>
    </slim:datafield>
    <slim:datafield tag="362" ind1="0" ind2=" ">
      <slim:subfield code="a">N.S. Nr.1.1964 - 14.1972</slim:subfield>
    </slim:datafield>
    <slim:datafield tag="515" ind1=" " ind2=" ">
      <slim:subfield code="a">Ab 15.1972 Teilung in Unterreihen</slim:subfield>
    </slim:datafield>
    <slim:datafield tag="710" ind1="2" ind2=" ">
      <slim:subfield code="0">(DE-588)340075-X</slim:subfield>
      <slim:subfield code="0">(DE-101)003400751</slim:subfield>
      <slim:subfield code="a">International Society of Soil Science</slim:subfield>
      <slim:subfield code="b">Commission for Soil Biology</slim:subfield>
    </slim:datafield>
  </slim:record></recordData><recordPosition>20</recordPosition></record></records><nextRecordPosition>21</nextRecordPosition><echoedSearchRetrieveRequest><version>1.1</version><query>tit=soil and biology</query><xQuery xmlns:xsi="http://www.w3.org/2001/XMLSchema-instance" xsi:nil="true"/><startRecord>11</startRecord><recordSchema>MARC21-xml</recordSchema></echoedSearchRetrieveRequest><extraResponseData><accountOf xmlns="">Zeitschriftendatenbank (ZDB)</accountOf></extraResponseData></searchRetrieveResponse>